@article{hameed2013optimized,
  title={An optimized field coverage planning approach for navigation of agricultural robots in fields involving obstacle areas},
  author={Hameed, Ibrahim A and Bochtis, Dionysis and S{\o}rensen, Claus A},
  journal={International journal of advanced robotic systems},
  volume={10},
  number={5},
  pages={231},
  year={2013},
  doi={10.5772/56248},
  publisher={SAGE Publications Sage UK: London, England}
}


@article{dubins1957curves,
  title={On curves of minimal length with a constraint on average curvature, and with prescribed initial and terminal positions and tangents},
  author={Dubins, Lester E},
  journal={American Journal of mathematics},
  volume={79},
  number={3},
  pages={497--516},
  year={1957},
  doi={10.5772/56248},
  publisher={JSTOR}
}


@inproceedings{choset1998coverage,
  title={Coverage path planning: The boustrophedon cellular decomposition},
  author={Choset, Howie and Pignon, Philippe},
  booktitle={Field and service robotics},
  pages={203--209},
  year={1998},
  doi={10.1007/978-1-4471-1273-0_32}
  organization={Springer}
}

@misc{goulart2021simple,
  title={Simple library to solve the Traveling Salesperson Problem in pure Python},
  author={Goulart, F},
  year={2021},
  publisher={Github}
}


@article{sakai2018pythonrobotics,
  title={Pythonrobotics: a python code collection of robotics algorithms},
  author={Sakai, Atsushi and Ingram, Daniel and Dinius, Joseph and Chawla, Karan and Raffin, Antonin and Paques, Alexis},
  journal={arXiv preprint arXiv:1808.10703},
  year={2018},
  doi={10.48550/arXiv.1808.10703}
}